@ARTICLE{moore2015,
   author = {{Moore}, C.~J. and {Cole}, R.~H. and {Berry}, C.~P.~L.},
    title = "{Gravitational-wave sensitivity curves}",
  journal = {Classical and Quantum Gravity},
archivePrefix = "arXiv",
   eprint = {1408.0740},
 primaryClass = "gr-qc",
     year = 2015,
    month = jan,
   volume = 32,
   number = 1,
      eid = {015014},
    pages = {015014},
      doi = {10.1088/0264-9381/32/1/015014},
   adsurl = {http://adsabs.harvard.edu/abs/2015CQGra..32a5014M},
  adsnote = {Provided by the SAO/NASA Astrophysics Data System}
}

@ARTICLE{enoki2007a,
   author = {{Enoki}, M. and {Nagashima}, M.},
    title = "{The Effect of Orbital Eccentricity on Gravitational Wave Background Radiation from Supermassive Black Hole Binaries}",
  journal = {Progress of Theoretical Physics},
   eprint = {astro-ph/0609377},
     year = 2007,
    month = feb,
   volume = 117,
    pages = {241-256},
      doi = {10.1143/PTP.117.241},
   adsurl = {http://adsabs.harvard.edu/abs/2007PThPh.117..241E},
  adsnote = {Provided by the SAO/NASA Astrophysics Data System}
}


@ARTICLE{sesana2009,
   author = {{Sesana}, A. and {Vecchio}, A. and {Volonteri}, M.},
    title = "{Gravitational waves from resolvable massive black hole binary systems and observations with Pulsar Timing Arrays}",
  journal = {\mnras},
archivePrefix = "arXiv",
   eprint = {0809.3412},
 keywords = {black hole physics , gravitational waves , pulsars: general , cosmology: theory},
     year = 2009,
    month = apr,
   volume = 394,
    pages = {2255-2265},
      doi = {10.1111/j.1365-2966.2009.14499.x},
   adsurl = {http://adsabs.harvard.edu/abs/2009MNRAS.394.2255S},
  adsnote = {Provided by the SAO/NASA Astrophysics Data System}
}


@ARTICLE{rajagopal1995,
   author = {{Rajagopal}, M. and {Romani}, R.~W.},
    title = "{Ultra--Low-Frequency Gravitational Radiation from Massive Black Hole Binaries}",
  journal = {\apj},
   eprint = {astro-ph/9412038},
 keywords = {BLACK HOLE PHYSICS, GALAXIES: INTERACTIONS, GALAXIES: NUCLEI, RADIATION MECHANISMS: NONTHERMAL},
     year = 1995,
    month = jun,
   volume = 446,
    pages = {543},
      doi = {10.1086/175813},
   adsurl = {http://adsabs.harvard.edu/abs/1995ApJ...446..543R},
  adsnote = {Provided by the SAO/NASA Astrophysics Data System}
}

@ARTICLE{sesana2008,
   author = {{Sesana}, A. and {Vecchio}, A. and {Colacino}, C.~N.},
    title = "{The stochastic gravitational-wave background from massive black hole binary systems: implications for observations with Pulsar Timing Arrays}",
  journal = {\mnras},
archivePrefix = "arXiv",
   eprint = {0804.4476},
 keywords = {black hole physics , gravitational waves , pulsars: general , cosmology: theory},
     year = 2008,
    month = oct,
   volume = 390,
    pages = {192-209},
      doi = {10.1111/j.1365-2966.2008.13682.x},
   adsurl = {http://adsabs.harvard.edu/abs/2008MNRAS.390..192S},
  adsnote = {Provided by the SAO/NASA Astrophysics Data System}
}

@ARTICLE{amaro-seoane2010,
   author = {{Amaro-Seoane}, P. and {Sesana}, A. and {Hoffman}, L. and {Benacquista}, M. and
	{Eichhorn}, C. and {Makino}, J. and {Spurzem}, R.},
    title = "{Triplets of supermassive black holes: astrophysics, gravitational waves and detection}",
  journal = {\mnras},
archivePrefix = "arXiv",
   eprint = {0910.1587},
 keywords = {gravitational waves, pulsars: general, cosmology: theory},
     year = 2010,
    month = mar,
   volume = 402,
    pages = {2308-2320},
      doi = {10.1111/j.1365-2966.2009.16104.x},
   adsurl = {http://adsabs.harvard.edu/abs/2010MNRAS.402.2308A},
  adsnote = {Provided by the SAO/NASA Astrophysics Data System}
}

@ARTICLE{peters1963,
   author = {{Peters}, P.~C. and {Mathews}, J.},
    title = "{Gravitational Radiation from Point Masses in a Keplerian Orbit}",
  journal = {Physical Review},
     year = 1963,
    month = jul,
   volume = 131,
    pages = {435-440},
      doi = {10.1103/PhysRev.131.435},
   adsurl = {http://adsabs.harvard.edu/abs/1963PhRv..131..435P},
  adsnote = {Provided by the SAO/NASA Astrophysics Data System}
}


@ARTICLE{Peters1964,
   author = {{Peters}, P.~C.},
    title = "{Gravitational Radiation and the Motion of Two Point Masses}",
  journal = {Physical Review},
     year = 1964,
    month = nov,
   volume = 136,
    pages = {1224-1232},
      doi = {10.1103/PhysRev.136.B1224},
   adsurl = {http://adsabs.harvard.edu/abs/1964PhRv..136.1224P},
  adsnote = {Provided by the SAO/NASA Astrophysics Data System}
}



@ARTICLE{rosado2015,
   author = {{Rosado}, P.~A. and {Sesana}, A. and {Gair}, J.},
    title = "{Expected properties of the first gravitational wave signal detected with pulsar timing arrays}",
  journal = {\mnras},
archivePrefix = "arXiv",
   eprint = {1503.04803},
 primaryClass = "astro-ph.HE",
 keywords = {black hole physics, gravitation, gravitational waves, methods: data analysis, pulsars: general, galaxies: evolution},
     year = 2015,
    month = aug,
   volume = 451,
    pages = {2417-2433},
      doi = {10.1093/mnras/stv1098},
   adsurl = {http://adsabs.harvard.edu/abs/2015MNRAS.451.2417R},
  adsnote = {Provided by the SAO/NASA Astrophysics Data System}
}



@ARTICLE{taylor201505,
   author = {{Taylor}, S.~R. and {Huerta}, E.~A. and {Gair}, J.~R. and {McWilliams}, S.~T.
	},
    title = "{Detecting Eccentric Supermassive Black Hole Binaries with Pulsar Timing Arrays: Resolvable Source Strategies}",
  journal = {\apj},
archivePrefix = "arXiv",
   eprint = {1505.06208},
 primaryClass = "gr-qc",
 keywords = {gravitational waves, methods: data analysis, pulsars: general},
     year = 2016,
    month = jan,
   volume = 817,
      eid = {70},
    pages = {70},
      doi = {10.3847/0004-637X/817/1/70},
   adsurl = {http://adsabs.harvard.edu/abs/2016ApJ...817...70T},
  adsnote = {Provided by the SAO/NASA Astrophysics Data System}
}


@ARTICLE{Hogg1999,
       author = {{Hogg}, David W.},
        title = "{Distance measures in cosmology}",
      journal = {arXiv e-prints},
     keywords = {Astrophysics},
         year = 1999,
        month = may,
          eid = {astro-ph/9905116},
        pages = {astro-ph/9905116},
archivePrefix = {arXiv},
       eprint = {astro-ph/9905116},
 primaryClass = {astro-ph},
       adsurl = {https://ui.adsabs.harvard.edu/abs/1999astro.ph..5116H},
      adsnote = {Provided by the SAO/NASA Astrophysics Data System}
}



@ARTICLE{Chen+2019,
       author = {{Chen}, Siyuan and {Sesana}, Alberto and {Conselice}, Christopher J.},
        title = "{Constraining astrophysical observables of galaxy and supermassive black hole binary mergers using pulsar timing arrays}",
      journal = {\mnras},
     keywords = {black hole physics, gravitational waves, methods: data analysis, pulsars: general, galaxies: evolution, galaxies: formation, Astrophysics - Astrophysics of Galaxies, Astrophysics - Cosmology and Nongalactic Astrophysics},
         year = 2019,
        month = sep,
       volume = {488},
       number = {1},
        pages = {401-418},
          doi = {10.1093/mnras/stz1722},
archivePrefix = {arXiv},
       eprint = {1810.04184},
 primaryClass = {astro-ph.GA},
       adsurl = {https://ui.adsabs.harvard.edu/abs/2019MNRAS.488..401C},
      adsnote = {Provided by the SAO/NASA Astrophysics Data System}
}


@ARTICLE{DOrazio+Loeb-2021,
       author = {{D'Orazio}, Daniel J. and {Loeb}, Abraham},
        title = "{Using gravitational wave parallax to measure the Hubble parameter with pulsar timing arrays}",
      journal = {\prd},
     keywords = {Astrophysics - Cosmology and Nongalactic Astrophysics, Astrophysics - High Energy Astrophysical Phenomena, General Relativity and Quantum Cosmology},
         year = 2021,
        month = sep,
       volume = {104},
       number = {6},
          eid = {063015},
        pages = {063015},
          doi = {10.1103/PhysRevD.104.063015},
archivePrefix = {arXiv},
       eprint = {2009.06084},
 primaryClass = {astro-ph.CO},
       adsurl = {https://ui.adsabs.harvard.edu/abs/2021PhRvD.104f3015D},
      adsnote = {Provided by the SAO/NASA Astrophysics Data System}
}



@ARTICLE{Finn+Thorne-2000,
       author = {{Finn}, Lee Samuel and {Thorne}, Kip S.},
        title = "{Gravitational waves from a compact star in a circular, inspiral orbit, in the equatorial plane of a massive, spinning black hole, as observed by LISA}",
      journal = {\prd},
     keywords = {04.30.Db, 04.80.Nn, 97.60.Lf, Wave generation and sources, Gravitational wave detectors and experiments, Black holes, General Relativity and Quantum Cosmology},
         year = 2000,
        month = dec,
       volume = {62},
       number = {12},
          eid = {124021},
        pages = {124021},
          doi = {10.1103/PhysRevD.62.124021},
archivePrefix = {arXiv},
       eprint = {gr-qc/0007074},
 primaryClass = {gr-qc},
       adsurl = {https://ui.adsabs.harvard.edu/abs/2000PhRvD..62l4021F},
      adsnote = {Provided by the SAO/NASA Astrophysics Data System}
}


@ARTICLE{Phinney-2001,
       author = {{Phinney}, E.~S.},
        title = "{A Practical Theorem on Gravitational Wave Backgrounds}",
      journal = {arXiv e-prints},
     keywords = {Astrophysics, General Relativity and Quantum Cosmology},
         year = 2001,
        month = aug,
          eid = {astro-ph/0108028},
        pages = {astro-ph/0108028},
archivePrefix = {arXiv},
       eprint = {astro-ph/0108028},
 primaryClass = {astro-ph},
       adsurl = {https://ui.adsabs.harvard.edu/abs/2001astro.ph..8028P},
      adsnote = {Provided by the SAO/NASA Astrophysics Data System}
}

